@book{lee2011windows,
  title={Windows PowerShell 2.0 Bible},
  author={Lee, Thomas and Mitschke, Karl and Schill, Mark E and Tanasovski, Tome},
  year={2011},
  publisher={John Wiley \& Sons}
}

@book{greenwald2013oracle,
  title={Oracle essentials: Oracle database 12c},
  author={Greenwald, Rick and Stackowiak, Robert and Stern, Jonathan},
  year={2013},
  publisher={"O\'Reilly Media, Inc."}
}


@book{desmond2008active,
  title={Active Directory: Designing, Deploying, and Running Active Directory},
  author={Desmond, Brian and Richards, Joe and Allen, Robbie and Lowe-Norris, Alistair G},
  year={2008},
  publisher={" O\'Reilly Media, Inc."}
}


@book{krstevski2014mastering,
  title={Mastering system center configuration manager},
  author={Krstevski, Vangel},
  year={2014},
  publisher={Packt Publishing Ltd}
}

@book{cawood2013microsoft,
  title={Microsoft SharePoint 2013},
  author={Cawood, Stephen and Wallbridge, Sean},
  year={2013},
  publisher={McGraw-Hill Education}
}

@book{griffiths2016learning,
  title={Learning LaTeX},
  author={Griffiths, David F and Higham, Desmond J},
  year={2016},
  publisher={SIAM}
}





